<record xmlns="http://www.loc.gov/MARC21/slim" xmlns:xsi="http://www.w3.org/2001/XMLSchema-instance" xsi:schemaLocation="http://www.loc.gov/MARC21/slim http://www.loc.gov/standards/marcxml/schema/MARC21slim.xsd">

  <leader>00725nam a2200229Ia 4500</leader>
  <controlfield tag="008">150724b2005    ck ||||| |||| 00| | spa d</controlfield>
  <datafield ind1=" " ind2=" " tag="020">
    <subfield code="a">0228J01A 465</subfield>
  </datafield>
  <datafield ind1=" " tag="090" ind2=" ">
    <subfield code="a">06.04.08 </subfield>
    <subfield code="b">1021</subfield>
  </datafield>
  <datafield ind1="1" tag="100" ind2=" ">
    <subfield code="a">Rodríguez Matos, José Miguel</subfield>
    <subfield code="9">469</subfield>
  </datafield>
  <datafield ind1="1" ind2="0" tag="245">
    <subfield code="a">Lectura crítica de la administración educativa / </subfield>
    <subfield code="c">José Miguel Rodríguez Matos</subfield>
  </datafield>
  <datafield tag="260" ind2=" " ind1=" ">
    <subfield code="a">Colombia : </subfield>
    <subfield code="b">Ediciones Abacoa, </subfield>
    <subfield code="c">2005</subfield>
  </datafield>
  <datafield tag="300" ind2=" " ind1=" ">
    <subfield code="a">379 páginas</subfield>
  </datafield>
  <datafield tag="650" ind2="4" ind1="1">
    <subfield code="a">ADMINISTRACIÓN ESCOLAR</subfield>
    <subfield code="9">305</subfield>
  </datafield>
  <datafield ind2="4" tag="650" ind1="1">
    <subfield code="a"> CAMBIO SOCIAL </subfield>
    <subfield code="9">470</subfield>
  </datafield>
  <datafield ind1="1" ind2="4" tag="650">
    <subfield code="a">IGLESIA </subfield>
    <subfield code="9">471</subfield>
  </datafield>
  <datafield ind1="1" ind2="4" tag="650">
    <subfield code="a">ADMINISTRACIÓN DE RECURSOS </subfield>
    <subfield code="9">472</subfield>
  </datafield>
  <datafield ind1="1" ind2="4" tag="650">
    <subfield code="a">DESARROLLO HUMANO</subfield>
    <subfield code="9">77</subfield>
  </datafield>
  <datafield tag="650" ind2="4" ind1="1">
    <subfield code="a">TECNOLOGÍA</subfield>
    <subfield code="9">28</subfield>
  </datafield>
  <datafield tag="650" ind2="4" ind1="1">
    <subfield code="a">LIDERAZGO</subfield>
    <subfield code="9">301</subfield>
  </datafield>
  <datafield tag="650" ind2="4" ind1="1">
    <subfield code="a">CAMBIO ORGANIZACIONAL</subfield>
    <subfield code="9">473</subfield>
  </datafield>
  <datafield ind1=" " tag="942" ind2=" ">
    <subfield code="2">z</subfield>
    <subfield code="c">01</subfield>
  </datafield>
  <datafield ind2=" " tag="999" ind1=" ">
    <subfield code="c">88</subfield>
    <subfield code="d">88</subfield>
  </datafield>
</record>